<record><leader>00000cas a22000007i 4500</leader><controlfield tag="001">849807588</controlfield><controlfield tag="006">m        d        </controlfield><controlfield tag="007">cr |n|||||||||</controlfield><controlfield tag="008">860501c19189999ohudn n o     0   a0eng  </controlfield><datafield ind1=" " ind2=" " tag="010"><subfield code="a">  2013273901</subfield></datafield><datafield ind1=" " ind2=" " tag="040"><subfield code="a">SYB</subfield><subfield code="b">eng</subfield><subfield code="e">rda</subfield><subfield code="c">SYB</subfield><subfield code="d">DLC</subfield><subfield code="d">COO</subfield><subfield code="d">OCLCF</subfield></datafield><datafield ind1=" " ind2=" " tag="012"><subfield code="l">1</subfield></datafield><datafield ind1="0" ind2=" " tag="022"><subfield code="a">2332-8932</subfield><subfield code="y">1064-2005</subfield><subfield code="2">1</subfield></datafield><datafield ind1="8" ind2=" " tag="024"><subfield code="a">ssj0000813197</subfield></datafield><datafield ind1=" " ind2=" " tag="037"><subfield code="b">The Athens Messenger, 9300 Johnson Rd., Athens, OH 45701</subfield></datafield><datafield ind1=" " ind2=" " tag="042"><subfield code="a">pcc</subfield><subfield code="a">nsdp</subfield></datafield><datafield ind1=" " ind2=" " tag="043"><subfield code="a">n-us-oh</subfield></datafield><datafield ind1="1" ind2="0" tag="050"><subfield code="a">ISSN RECORD</subfield></datafield><datafield ind1="1" ind2="0" tag="082"><subfield code="a">070</subfield><subfield code="2">23</subfield></datafield><datafield ind1="0" ind2=" " tag="130"><subfield code="a">Athens messenger (Athens, Ohio : 1918)</subfield></datafield><datafield ind1=" " ind2="4" tag="222"><subfield code="a">The Athens messenger</subfield><subfield code="b">(1918 Online)</subfield></datafield><datafield ind1="1" ind2="4" tag="245"><subfield code="a">The Athens messenger.</subfield></datafield><datafield ind1="1" ind2=" " tag="246"><subfield code="a">Sunday messenger</subfield></datafield><datafield ind1=" " ind2="1" tag="264"><subfield code="3">1918- &lt;2013&gt;</subfield><subfield code="a">Athens, Ohio :</subfield><subfield code="b">Athens Messenger and Herald Print. Co.,</subfield><subfield code="c">1918-</subfield></datafield><datafield ind1=" " ind2="1" tag="264"><subfield code="3">&lt;2013-</subfield><subfield code="a">Athens, Ohio :</subfield><subfield code="b">The Messenger Publishing Co.</subfield></datafield><datafield ind1=" " ind2=" " tag="310"><subfield code="a">Daily (except Sat.),</subfield><subfield code="b">Oct. 1, 1922-</subfield></datafield><datafield ind1=" " ind2=" " tag="321"><subfield code="a">Daily (except Sun.),</subfield><subfield code="b">Mar. 14, 1918-Sept. 29, 1922</subfield></datafield><datafield ind1=" " ind2=" " tag="336"><subfield code="a">Text</subfield><subfield code="b">txt</subfield><subfield code="2">rdacontent</subfield></datafield><datafield ind1=" " ind2=" " tag="337"><subfield code="a">computer</subfield><subfield code="b">c</subfield><subfield code="2">rdamedia</subfield></datafield><datafield ind1=" " ind2=" " tag="338"><subfield code="a">online resource</subfield><subfield code="b">cr</subfield><subfield code="2">rdacarrier</subfield></datafield><datafield ind1="1" ind2=" " tag="362"><subfield code="a">Print began with: Volume 13, number. 94 (Mar. 14, 1918)-</subfield></datafield><datafield ind1=" " ind2=" " tag="500"><subfield code="a">Republican, 1918-1937; Independent, 1938-</subfield></datafield><datafield ind1=" " ind2=" " tag="500"><subfield code="a">On Sundays published as: Sunday messenger.</subfield></datafield><datafield ind1=" " ind2=" " tag="506"><subfield code="a">License restrictions may limit access.</subfield></datafield><datafield ind1=" " ind2=" " tag="588"><subfield code="a">Description based on print.</subfield></datafield><datafield ind1=" " ind2="4" tag="651"><subfield code="a">Athens (Ohio)</subfield><subfield code="v">Newspapers.</subfield></datafield><datafield ind1=" " ind2="4" tag="651"><subfield code="a">Athens County (Ohio)</subfield><subfield code="v">Newspapers.</subfield></datafield><datafield ind1=" " ind2="0" tag="655"><subfield code="a">Electronic journals.</subfield></datafield><datafield ind1=" " ind2="7" tag="655"><subfield code="a">Periodicals.</subfield><subfield code="2">fast</subfield><subfield code="0">(OCoLC)fst01411641</subfield></datafield><datafield ind1=" " ind2=" " tag="752"><subfield code="a">United States</subfield><subfield code="b">Ohio</subfield><subfield code="c">Athens</subfield><subfield code="d">Athens.</subfield></datafield><datafield ind1="0" ind2="8" tag="776"><subfield code="i">Print version:</subfield><subfield code="t">Athens messenger (Athens, Ohio : 1918)</subfield><subfield code="x">1064-2005</subfield><subfield code="w">(DLC)sn 87075211</subfield><subfield code="w">(OCoLC)13517251</subfield></datafield><datafield ind1="0" ind2="0" tag="780"><subfield code="t">Athens daily messenger</subfield><subfield code="w">(DLC)sn 83035262</subfield><subfield code="w">(OCoLC)9672213</subfield></datafield><datafield ind1="4" ind2="0" tag="856"><subfield code="u">http://www.athensohiotoday.com/eedition/page-a/page_f6d0bdfb-eda0-5669-ab6c-60d490c976ca.html</subfield></datafield><datafield ind1="4" ind2="0" tag="856"><subfield code="z">Full text available from Access World News Research Collection: 09/01/2009 to present</subfield><subfield code="u">http://libezproxy.syr.edu/login?url=http://infoweb.newsbank.com/?db=AMAB</subfield><subfield code="x">serx</subfield></datafield></record>